@article{multiSBP,
	Author = {Jason E. Hicken and David C. {Del Rey Fern\'andez} and David W. Zingg},
        Journal = {SIAM Journal on Scientific Computing},
        Number = {4},
        Pages = {A1935-A1958},
	Title = {Multi-dimensional Summation-By-Parts Operators: General Theory and Application to Simplex Elements},
        Volume = {38},
	year = {2016}}

@article{Fernandez2015,
        Author = {David C. {Del Rey Fern\'andez} and David W. Zingg},
        Journal = {SIAM Journal on Scientific Computing},
        Number = {6},
        Pages = {A2840--A2864},
        Title = {Generalized summation-by-parts operators for the second derivative with a variable coefficient},
        Volume = {37},
        Year = {2015}}

@article{Boom2015,
author = {P. D. Boom and D. W. Zingg},
title = {High-Order Implicit Time-Marching Methods Based on Generalized Summation-By-Parts Operators},
journal = {SIAM Journal on Scientific Computing},
volume = {37},
number = {6},
pages = {A2682-A2709},
year = {2015},
doi = {10.1137/15M1014917},
URL = {http://dx.doi.org/10.1137/15M1014917},
eprint = {http://dx.doi.org/10.1137/15M1014917}
}

@article{Hicken2014dual,
    author = {Hicken, Jason E. and Zingg, David W.},
    citeulike-article-id = {12624528},
    citeulike-linkout-0 = {http://dx.doi.org/10.1016/j.jcp.2013.08.014},
    doi = {10.1016/j.jcp.2013.08.014},
    issn = {0021-9991},
    journal = {Journal of Computational Physics},
    keywords = {adjoint, finite-difference, optimization},
    month = jan,
    pages = {161--182},
    posted-at = {2013-09-15 21:54:29},
    priority = {0},
    title = {{Dual consistency and functional accuracy: a finite-difference perspective}},
    url = {http://dx.doi.org/10.1016/j.jcp.2013.08.014},
    volume = {256},
    year = {2014}
}
@article{Hicken2011superconvergent,
    author = {Hicken, Jason E. and Zingg, David W.},
    citeulike-article-id = {10673525},
    citeulike-linkout-0 = {http://dx.doi.org/10.1137/100790987},
    doi = {10.1137/100790987},
    journal = {{SIAM} Journal on Scientific Computing},
    keywords = {import\_of\_ref-12-05-15},
    number = {2},
    pages = {893--922},
    posted-at = {2012-05-15 20:05:56},
    priority = {0},
    title = {{Superconvergent functional estimates from summation-by-parts finite-difference discretizations}},
    url = {http://dx.doi.org/10.1137/100790987},
    volume = {33},
    year = {2011}
}
@article{Visbal2002,
        Author = {Miguel R. Visbal and Datta V. Gaitonde},
        Journal = {Journal of Computational Physics},
        Number = {1},
        Pages = {155-185},
        Title = {On the use of higher-order finite-difference schemes on curvilinear and deforming meshes},
        Volume = {181},
        Year = {2002}}
@article{Matteo2015,
        Author = {Matteo Parsani and Mark H. Carpenter and Eric J. Nielsen},
        Journal = {Journal of Computational Physics},
        Number = {C},
        Pages = {88-113},
        Title = {Entropy stable wall boundary conditions for the three-dimensional compressible Navier-Stokes equations},
        Volume = {292},
        Year = {2015}}
@article{Carpenter2014,
        Author = {Mark H. Carpenter and Travis C. Fisher and Eric J. Nielsen and Steven H. Frankel},
        Journal = {SIAM Journal on Scientific Computing },
        Number = {5},
        Pages = {B835–B867},
        Title = {Entropy Stable Spectral Collocation Schemes for the Navier--Stokes Equations: Discontinuous Interfaces},
        Volume = {36},
        Year = {2014}}
@article{Fisher2013b,
        Author = {Travis C. Fisher and Mark H. Carpenter},
        Journal = {Journal of Computational Physics},
        Number = {1},
        Pages = {518-557},
        Title = {High-order entropy stable finite difference schemes for nonlinear conservation laws: Finite domains},
        Volume = {252},
        Year = {2013}}
@phdthesis{Fisher2012,
	Author = {Travis C. Fisher},
	School = {Purdue University},
	Title = {High-order L2 stable multi-domain finite difference method for compressible flows},
	Year = {2012}},
@book{Gustafsson2013,
        Author = {Bertil Gustafsson and Heinz-Otto Kreiss and Joseph Oliger},
        Edition = {Second},
        Publisher = {Wiley},
        Series = {Pure and Applied Mathematics},
        Title = {Time-Dependent Problems and Difference Methods},
        Year = {2013}}

@inproceedings{AIAAversion,
    address = {Dallas, Texas},
    Author = {Jason E. Hicken and David C. {Del Rey Fern\'andez} and David W. Zingg},
    booktitle = {22nd {AIAA} Computational Fluid Dynamics Conference},
    month = jun,
    note = {AIAA--2015--3198},
    title = {Opportunities for efficient high-order methods based on the summation-by-parts property},
    year = {2015}
}

@article{Cools1999,
title = {Monomial cubature rules since ``Stroud'': a compilation --- part 2},
journal = {Journal of Computational and Applied Mathematics},
volume = "112",
number = "1–2",
pages = "21 - 27",
year = "1999",
issn = "0377-0427",
doi = "http://dx.doi.org/10.1016/S0377-0427(99)00229-0",
url = "http://www.sciencedirect.com/science/article/pii/S0377042799002290",
author = "Ronald Cools",
keywords = "Cubature rule",
keywords = "Multiple integration rule "
}

@book{Becker1981,
	Author = {Eric E. Becker and Grahm F. Carcy and J. Tinsley Oden},
	Publisher = {Princeton-Hall, Inc},
	Title = {Finite elements an introduction volume {I}},
	Year = {1981}},

@phdthesis{FernandezThesis,
	Address = {4925 Dufferin Street, Toronto, Ontario, Canada M3H 5T6},
	Author = {David C. {Del Rey Fern\'andez}},
	School = {University of Toronto Institute for Aerospace Studies},
	Title = {Generalized summation-by-parts operators for first and second derivatives},
	Year = {2015}},
	
@article{Carpenter2010,
    author = {Carpenter, Mark H. and Nordstr\"{o}m, Jan and Gottlieb, David},
    doi = {10.1007/s10915-009-9301-5},
    journal = {Journal of Scientific Computing},
    month = jun,
    number = {1},
    pages = {118--150},
    title = {{Revisiting and extending interface penalties for multi-domain summation-by-parts operators}},
    url = {http://dx.doi.org/10.1007/s10915-009-9301-5},
    volume = {45},
    year = {2010}
}

@article{funaro:1988,
    author = {Funaro, D. and Gottlieb, D.},
    citeulike-article-id = {10673549},
    journal = {Mathematics of Computation},
    keywords = {import\_of\_ref-12-05-15},
    month = oct,
    number = {184},
    pages = {599--613},
    posted-at = {2012-05-15 20:05:57},
    priority = {0},
    title = {{A new method of imposing boundary conditions in pseudospectral approximations of hyperbolic equations}},
    volume = {51},
    year = {1988}
}
			
@article{Fernandez2014,
	Author = {David C. {Del Rey Fern\'andez} and Jason E. Hicken and David W. Zingg},
	Journal = {Computers \& Fluids},
	Number = {22},
	Pages = {171-196},
	Title = {Review of summation-by-parts operators with simultaneous approximation terms for the numerical solution of partial differential equations},
	Volume = {95},
	Year = {2014}},

@article{Svard2014,
	Author = {Magnus Sv\"ard and Jan Nordstr\"om},
	Date-Added = {2013-12-06 11:02:56 -0500},
	Date-Modified = {2014-10-07 18:50:58 +0000},
	Journal = {Journal of Computational Physics},
	Number = {1},
	Pages = {17-38},
	Title = {Review of summation-by-parts schemes for initial-boundary-value-problems},
	Volume = {268},
	Year = {2014}},
		
@article{Albin2014,
	Author = {Nathan Albin and Joshua Klarmann},
	Journal = {arXiv:1403.5750v1},
	Title = {Existence of {SBP} operators with diagonal norm},
	Year = {2014}},
		
@article{Mattsson2014,
	Author = {Ken Mattsson and Martin Almquist and Mark H. Carpenter},
	Journal = {Journal of Computational Physics},
	Number = {1},
	Pages = {91-111},
	Title = {Optimal diagonal-norm {SBP} operators},
	Volume = {264},
	Year = {2014}},
	
@article{Fernandez2014c,
	Author = {David C. {Del Rey Fern\'andez} and David W. Zingg},
	Journal = {AIAA aviation 2015},
	Title = {New diagonal-norm summation-by-parts operators for the first derivative with increased order of accuracy},
	Year = {2015}},
	
@article{Ditkowski2015,
	Author = {Adi Ditkowski},
	Journal = {ICOSAHOM},
	Title = {High Order Finite Difference Schemes Whose Convergence Rates are Higher Then Their Truncation Errors},
	Year = {2015}},
		
@article{Fernandez2014b,
	Author = {David C. {Del Rey Fern\'andez} and David W. Zingg},
	Journal = {Submitted to SIAM Journal on Scientific Computing, (see arXiv:1410.0201[Math.NA]) },
	Title = {Generalized summation-by-parts operators for the second derivative with a variable coefficient},
	Year = {2014}},
			
@article{Wang2013,
	Author = {Z. J. Wang and Krzysztof J. Fidkowski and R\'emi Abgrall and Francesco Bassi and Doru Caraeni and Andrew Cary and Herman Deconinck and Ralf Hartmann and Koen Hillewaert and H. T. Huynh and Norbert Kroll and Georg Mayer and Per-Olof Persson and Bram van Leer and Miguel Visbal},
	Journal = {International journal for numerical methods in fluids},
	Number = {8},
	Pages = {811--845},
	Title = {High-order {CFD} methods: Current status and perspective},
	Volume = {72},
	Year = {2013}},
		
@article{Nordstrom1999,
	Author = {Jan Nordstr\"om and Mark H. Carpenter},
	Journal = {Journal of Computational Physics},
	Number = {2},
	Pages = {621-645},
	Title = {Boundary and interface conditions for high-order finite-difference methods applied to the {E}uler and {N}avier-{S}tokes equations},
	Volume = {148},
	Year = {1999}},
	
@article{Nordstrom2001b,
	Author = {Jan Nordstr\"om and Mark H. Carpenter},
	Journal = {Journal of Computational Physics},
	Number = {1},
	Pages = {149-174},
	Title = {High-order finite-difference methods, multidimensional linear problems, and curvilinear coordinates},
	Volume = {173},
	Year = {2001}},	

@article{Svard2007,
	Author = {Magnus Sv\"ard and Mark H. Carpenter and Jan Nordstr\"om},
	Journal = {Journal of Computational Physics},
	Number = {1},
	Pages = {1020-1038},
	Title = {A stable high-order finite difference scheme for the compressible {N}avier-{S}tokes equations, far-field boundary conditions},
	Volume = {225},
	Year = {2007}},

@article{Berg2011,
	Author = {Jens Berg and Jan Nordstr\"om},
	Journal = {Journal of Computational Physics},
	Number = {19},
	Pages = {7519-7532},
	Title = {Stable Robin solid wall boundary conditions for the {N}avier-{S}tokes equations},
	Volume = {230},
	Year = {2011}},
	
@article{Svard2008,
	Author = {Magnus Sv\"ard and Jan Nordstr\"om},
	Journal = {Journal of Computational Physics},
	Number = {10},
	Pages = {4805-4824},
	Title = {A stable high-order finite difference scheme for the compressible {N}avier-{S}tokes equations: No-slip wall boundary conditions},
	Volume = {227},
	Year = {2008}},
	    
@article{Carpenter1999,
    author = {Carpenter, Mark H. and Nordstr\"{o}m, Jan and Gottlieb, David},
    citeulike-article-id = {10673452},
    citeulike-linkout-0 = {http://dx.doi.org/10.1006/jcph.1998.6114},
    doi = {10.1006/jcph.1998.6114},
    journal = {Journal of Computational Physics},
    keywords = {import\_of\_ref-12-05-15},
    number = {2},
    pages = {341--365},
    posted-at = {2012-05-15 20:05:52},
    priority = {0},
    title = {{A stable and conservative interface treatment of arbitrary spatial accuracy}},
    url = {http://dx.doi.org/10.1006/jcph.1998.6114},
    volume = {148},
    year = {1999}
},
    
@phdthesis{Chertock1998,
	Author = {Alina E. Chertock},
	Date-Added = {2013-11-23 17:57:12 -0500},
	Date-Modified = {2015-01-28 15:40:19 +0000},
	School = {Tel-Aviv Univsersity},
	Title = {Strict stability of high-order compact implicit finite-difference schemes: the role of boundary conditions for hyperbolic {PDE}s},
	Year = {1998}},

@article{Abarbanel2000,
	Author = {Saul S. Abarbanel and Alina E. Chertock and Amir Yefet},
	Journal = {Journal of Computational Physics},
	Pages = {42-66},
	Title = {Strict stability of high-order compact implicit finite-difference schemes: The role of boundary conditions for hyperbolic {PDE}s, {I}},
	Volume = {160},
	Year = {2000}},

@phdthesis{Reichert2011,
	Author = {Adam Harold Reichert},
	School = {University of Illinois at Urbane-Champaign},
	Title = {Stable numerical methods for hyperbolic partial differential equations using overlapping domain decomposition},
	Year = {2011}},

@article{Reichert2012,
	Author = {Adam Reichert and Michel T. Heath and Daniel J. Bodony},
	Journal = {Journal of Computational Physics},
	Pages = {5243-5265},
	Title = {Energy stable numerical method for hyperbolic partial differential equations using overlapping domain decomposition},
	Volume = {231},
	Year = {2012}},

@incollection{Kreiss1974,
	Address = {New York/London},
	Author = {Heinz-Otto Kreiss and Godela Scherer},
	Booktitle = {Mathematical aspects of finite elements in partial differential equations},
	Pages = {195-212},
	Publisher = {Academic Press},
	Title = {Finite element and finite difference methods for hyperbolic partial differential equations},
	Year = {1974}},
	
 @article{Kreiss1972,
	Author = {Heinz-Otto Kreiss and Joseph Oliger},
	Journal = {Tellus},
	Number = {3},
	Pages = {199-215},
	Title = {Comparison of accurate methods for the integration of hyperbolic equations},
	Volume = {24},
	Year = {1972}},
	   
@article{DCDRF2014,
	Author = {David C. {Del Rey Fern\'andez} and Pieter D. Boom and David W. Zingg},
	Journal = {Journal of Computational Physics},
	Number = {1},
	Pages = {214--239},
	Title = {A Generalized Framework for Nodal First Derivative Summation-By-Parts Operators},
	Volume = {266},
	Year = {2014}},
	
@article{Swartz1974,
	Author = {Blair Swartz and Berton Wendroff},
	Journal = {SIAM Journal on Numerical Analysis},
	Number = {5},
	Pages = {979-993},
	Title = {The relative efficiency of finite difference and finite element methods. {I}: Hyperbolic problems and splines},
	Volume = {11},
	Year = {1974}},
		
@article{Rango2001,
	Author = {S. {De Rango} and D. W. Zingg},
	Journal = {AIAA Journal},
	Number = {7},
	Pages = {1296-1304},
	Title = {Higher-order spatial discretization for turbulent aerodynamic computations},
	Volume = {39},
	Year = {2001}},

@book{Lomax2003,
	Author = {Harvard Lomax and Thomas H. Pulliam and David W. Zingg},
	Date-Added = {2014-07-26 12:26:39 +0000},
	Date-Modified = {2014-07-26 12:28:48 +0000},
	Publisher = {Springer-Verlag},
	Title = {Fundamentals of Computational Fluid Dynamics},
	Year = {2001}}
		    
@article{Gassner2013,
	Author = {Gregor J. Gassner},
    Journal = {SIAM Journal on Scientific Computing},
    Number = {3},
    Pages = {A1233--A1253},
    Title = {A skew-symmetric discontinuous {G}alerkin spectral element discretization and its relation to {SBP}-{SAT} finite difference methods},
    Volume = {35},
    Year = {2013}},
@article{Gassner2014,
	Author = {Gregor J. Gassner},
    Journal = {International Journla for Numerical Methods in Fluids},
    Number = {1},
    Pages = {28-50},
    Title = {A kinetic energy preserving nodal discontinuous {G}alerkin spectral element method},
    Volume = {76},
    Year = {2014}},
 @article{Gassner2016,
    Author = {Gregor J. Gassner and Andrew R. Winters and David A. Kopriva},
    Journal = { arXiv:1604.06618v2 [math.NA] },
    Pages = {28-50},
    Title = {Split form nodal discontinuous {G}alerkin schemes with summation-by-parts property for the compressible {E}uler equations},
    Year = {2016}},  
@article{Alpert1999,
	Author = {Bradley K. Alpert},
	Date-Added = {2013-08-21 09:34:30 -0400},
	Date-Modified = {2013-08-21 09:35:20 -0400},
	Journal = {SIAM Journal on Scientific Computing},
	Pages = {1551-1584},
	Title = {Hybrid {G}auss-trapezoidal quadrature rules},
	Volume = {5},
	Year = {1999}},
	
@article{Nordstrom2001,
	Author = {Jan Nordstr\"om and Martin Bj\"orck},
	Journal = {Applied Numerical Mathematics},
	Pages = {237--255},
	Title = {Finite volume approximations and strict stability for hyperbolic problems},
	Volume = {38},
	Year = {2001}},

@article{Nordstrom2003,
        Author = {Jan Nordstr\"om and Karl Forsberg and Carl Adamsson and Peter Eliasson},
	Journal = {Applied Numerical Mathematics},
	Pages = {453--473},
	Title = {Finite volume methods, unstructured meshes and strict stability for hyperbolic problems},
	Volume = {45},
	Year = {2003}},

@article{Strand1994,
	Author = {Bo Strand},
	Date-Added = {2011-01-16 11:53:36 -0500},
	Date-Modified = {2014-08-30 23:27:28 +0000},
	Journal = {Journal of Computational Physics},
	Number = {1},
	Pages = {47-67},
	Title = {Summation by parts for finite difference approximations for d/dx},
	Volume = {110},
	Year = {1994}},

@article{Hicken2013,
	Author = {Jason E. Hicken and David W. Zingg},
	Journal = {Journal of Computational and Applied Mathematics},
	Number = {1},
	Pages = {111-125},
	Title = {Summation-by-parts operators and high-order quadrature},
	Volume = {237},
	Year = {2013}},

@article{Carpenter1996,
	Author = {Mark H. Carpenter and David Gottlieb},
	Journal = {Journal of Computational Physics},
	Number = {1},
	Pages = {74-86},
	Title = {Spectral methods on arbitrary grids},
	Volume = {129},
	Year = {1996}},
@article{Abarbanel2000b,
	Author = {Saul S. Abarbanel and Alina E. Chertock and Amir Yefet},
	Journal = {Journal of Computational Physics},
	Pages = {67-86},
	Title = {Strict stability of high-order compact implicit finite-difference schemes: the role of boundary conditions for hyperbolic {PDE}s {II}},
	Volume = {160},
	Year = {2000}},    
@article{liu:1998,
    author = {Liu, Yen and Vinokur, Marcel},
    citeulike-article-id = {13511887},
    citeulike-linkout-0 = {http://dx.doi.org/http://dx.doi.org/10.1006/jcph.1998.5884},
    citeulike-linkout-1 = {http://www.sciencedirect.com/science/article/pii/S0021999198958843},
    doi = {http://dx.doi.org/10.1006/jcph.1998.5884},
    journal = {Journal of Computational Physics},
    keywords = {*file-import-15-02-08},
    number = {1},
    pages = {122--147},
    posted-at = {2015-02-08 01:52:28},
    priority = {2},
    title = {Exact Integrations of Polynomials and Symmetric Quadrature Formulas over Arbitrary Polyhedral Grids},
    url = {http://www.sciencedirect.com/science/article/pii/S0021999198958843},
    volume = {140},
    year = {1998}
}

@article{Cohen2001,
    author = {Cohen, G. and Joly, P. and Roberts, J. E. and Tordjman, N.},
    citeulike-article-id = {13511889},
    citeulike-linkout-0 = {http://dx.doi.org/10.1137/s0036142997329554},
    doi = {10.1137/s0036142997329554},
    issn = {0036-1429},
    journal = {SIAM Journal on Numerical Analysis},
    keywords = {finite-element},
    month = jan,
    number = {6},
    pages = {2047--2078},
    posted-at = {2015-02-08 01:57:50},
    priority = {2},
    title = {Higher Order Triangular Finite Elements with Mass Lumping for the Wave Equation},
    url = {http://dx.doi.org/10.1137/s0036142997329554},
    volume = {38},
    year = {2001}
}

@article{Mulder2001,
    author = {Mulder, W. A.},
    citeulike-article-id = {13511890},
    citeulike-linkout-0 = {http://dx.doi.org/10.1142/s0218396x0100067x},
    citeulike-linkout-1 = {http://www.worldscientific.com/doi/abs/10.1142/S0218396X0100067X},
    day = {1},
    doi = {10.1142/s0218396x0100067x},
    journal = {Journal of Computational Acoustics},
    keywords = {finite-element},
    month = jun,
    number = {02},
    pages = {671--680},
    posted-at = {2015-02-08 02:01:02},
    priority = {2},
    publisher = {World Scientific Publishing Co.},
    title = {Higher-order mass-lumped finite elements for the wave equation},
    url = {http://dx.doi.org/10.1142/s0218396x0100067x},
    volume = {09},
    year = {2001}
}

@article{Giraldo2006,
    author = {Giraldo, F. X. and Taylor, M. A.},
    journal = {Journal of Engineering Mathematics},
    citeulike-article-id = {13511891},
    citeulike-linkout-0 = {http://dx.doi.org/10.1007/s10665-006-9085-7},
    citeulike-linkout-1 = {http://link.springer.com/article/10.1007/s10665-006-9085-7},
    doi = {10.1007/s10665-006-9085-7},
    keywords = {finite-element},
    number = {3},
    pages = {307--322},
    posted-at = {2015-02-08 02:03:53},
    priority = {0},
    publisher = {Springer Netherlands},
    title = {A diagonal-mass-matrix triangular-spectral-element method based on cubature points},
    url = {http://dx.doi.org/10.1007/s10665-006-9085-7},
    volume = {56},
    year = {2006}
}

@article{zhang:2009,
    author = {Zhang, Linbo and Cui, Tao and Liu, Hui},
    citeulike-article-id = {13511893},
    journal = {Journal of Computational Mathematics},
    keywords = {cubature},
    number = {1},
    pages = {89--96},
    posted-at = {2015-02-08 02:12:05},
    priority = {0},
    title = {A Set of Symmetric Quadrature Rules on Triangles and Tetrahedra},
    volume = {27},
    year = {2009}
}

@misc{witherden:2014,
    archivePrefix = {arXiv},
    author = {Witherden, F. D. and Vincent, P. E.},
    citeulike-article-id = {13511896},
    citeulike-linkout-0 = {http://arxiv.org/abs/1409.1865},
    citeulike-linkout-1 = {http://arxiv.org/pdf/1409.1865},
    day = {5},
    eprint = {1409.1865},
    keywords = {cubature},
    month = sep,
    posted-at = {2015-02-08 02:15:42},
    priority = {0},
    title = {On the Identification of Symmetric Quadrature Rules for Finite Element Methods},
    url = {http://arxiv.org/abs/1409.1865},
    note = {http://arxiv.org/abs/1409.1865},
    year = {2014}
}

@article{marquardt:1963,
    author = {Marquardt, Donald W.},
    citeulike-article-id = {11878015},
    citeulike-linkout-0 = {http://dx.doi.org/10.1137/0111030},
    doi = {10.1137/0111030},
    issn = {0368-4245},
    journal = {Journal of the Society for Industrial and Applied Mathematics},
    month = jun,
    number = {2},
    pages = {431--441},
    posted-at = {2015-02-08 02:20:19},
    priority = {2},
    title = {An Algorithm for {Least-Squares} Estimation of Nonlinear Parameters},
    url = {http://dx.doi.org/10.1137/0111030},
    volume = {11},
    year = {1963}
}

@book{hesthaven:2008,
    address = {New York},
    author = {Hesthaven, Jan S. and Warburton, Tim},
    citeulike-article-id = {13512199},
    keywords = {dg, finite-element},
    posted-at = {2015-02-08 20:36:41},
    priority = {0},
    publisher = {Springer-Verlag},
    title = {Nodal discontinuous Galerkin methods: algorithms, analysis, and applications},
    year = {2008}
}

@book{golub:1996,
    author = {Golub, Gene H. and Van Loan, Charles F.},
    citeulike-article-id = {13269699},
    edition = {third},
    posted-at = {2014-07-19 21:53:40},
    priority = {2},
    publisher = {The John Hopkins University Press},
    title = {{Matrix Computations}},
    year = {1996}
}

@article{Yee2000,
    author = {Yee, H. C. and Vinokur, M. and Djomehri, M. J.},
    citeulike-article-id = {13565876},
    citeulike-linkout-0 = {http://dx.doi.org/10.1006/jcph.2000.6517},
    doi = {10.1006/jcph.2000.6517},
    issn = {00219991},
    journal = {Journal of Computational Physics},
    keywords = {sbp, stability},
    month = jul,
    number = {1},
    pages = {33--81},
    posted-at = {2015-03-30 18:39:36},
    priority = {0},
    title = {Entropy Splitting and Numerical Dissipation},
    url = {http://dx.doi.org/10.1006/jcph.2000.6517},
    volume = {162},
    year = {2000}
}

@incollection{Yee2002,
    author = {Yee, H. C. and Sj{\"{o}}green, Bj{\"{o}}rn},
    booktitle = {Turbulent Flow Computation},
    citeulike-article-id = {13565877},
    keywords = {sbp},
    pages = {141--198},
    posted-at = {2015-03-30 18:44:09},
    priority = {2},
    publisher = {Springer},
    title = {Designing adaptive low-dissipative high order schemes for long-time integrations},
    year = {2002}
}

@article{Nordstrom2006,
    author = {Nordstr\"{o}m, Jan},
    citeulike-article-id = {10673398},
    citeulike-linkout-0 = {http://dx.doi.org/10.1007/s10915-005-9013-4},
    doi = {10.1007/s10915-005-9013-4},
    journal = {Journal of Scientific Computing},
    keywords = {import\_of\_ref-12-05-15},
    pages = {375--404},
    posted-at = {2012-05-15 20:05:50},
    priority = {0},
    publisher = {Springer Netherlands},
    title = {{Conservative finite difference formulations, variable coefficients, energy estimates and artificial dissipation}},
    url = {http://dx.doi.org/10.1007/s10915-005-9013-4},
    volume = {29},
    year = {2006}
}

@article{Morinishi1998,
    author = {Morinishi, Y. and Lund, T. S. and Vasilyev, O. V. and Moin, P.},
    citeulike-article-id = {10673427},
    journal = {Journal of Computational Physics},
    keywords = {import\_of\_ref-12-05-15},
    pages = {90--124},
    posted-at = {2012-05-15 20:05:51},
    priority = {0},
    title = {{Fully Conservative Higher Order Finite Difference Schemes for Incompressible Flow}},
    volume = {143},
    year = {1998}
}

@article{Mattsson2004b,
    author = {Mattsson, Ken and Nordstr\"{o}m, Jan},
    citeulike-article-id = {10673613},
    citeulike-linkout-0 = {http://dx.doi.org/10.1016/j.jcp.2004.03.001},
    doi = {10.1016/j.jcp.2004.03.001},
    journal = {Journal of Computational Physics},
    keywords = {import\_of\_ref-12-05-15},
    number = {2},
    pages = {503--540},
    posted-at = {2012-05-15 20:06:00},
    priority = {0},
    title = {{Summation by parts operators for finite difference approximations of second derivatives}},
    url = {http://dx.doi.org/10.1016/j.jcp.2004.03.001},
    volume = {199},
    year = {2004}
}

@article{Svard2004b,
    author = {Sv\"{a}rd, Magnus},
    citeulike-article-id = {10673474},
    journal = {Journal of Scientific Computing},
    keywords = {import\_of\_ref-12-05-15},
    month = feb,
    number = {1},
    pages = {29--42},
    posted-at = {2012-05-15 20:05:54},
    priority = {0},
    title = {{On coordinate transformations for summation-by-parts operators}},
    volume = {20},
    year = {2004}
}

@article{Mattsson2012,
    author = {Mattsson, Ken},
    citeulike-article-id = {9814777},
    citeulike-linkout-0 = {http://dx.doi.org/10.1007/s10915-011-9525-z},
    citeulike-linkout-1 = {http://www.springerlink.com/content/524v654364114145},
    day = {1},
    doi = {10.1007/s10915-011-9525-z},
    issn = {0885-7474},
    journal = {Journal of Scientific Computing},
    keywords = {finite-difference, sat, sbp, second-derivative},
    month = jun,
    number = {3},
    pages = {650--682},
    posted-at = {2012-07-05 16:23:03},
    priority = {2},
    publisher = {Springer Netherlands},
    title = {{Summation by Parts Operators for Finite Difference Approximations of Second-Derivatives with Variable Coefficients}},
    url = {http://dx.doi.org/10.1007/s10915-011-9525-z},
    volume = {51},
    year = {2012}
}

@article{Svard2005,
    author = {Sv\"{a}rd, Magnus and Mattsson, Ken and Nordstr\"{o}m, Jan},
    booktitle = {Journal of Scientific Computing},
    citeulike-article-id = {269294},
    citeulike-linkout-0 = {http://dx.doi.org/10.1007/s10915-004-4788-2},
    citeulike-linkout-1 = {http://www.ingentaconnect.com/content/klu/jomp/2005/00000024/00000001/00004788},
    citeulike-linkout-2 = {http://link.springer.com/article/10.1007/s10915-004-4788-2},
    doi = {10.1007/s10915-004-4788-2},
    issn = {0885-7474},
    journal = {Journal of Scientific Computing},
    keywords = {sbp},
    month = jul,
    number = {1},
    pages = {79--95},
    posted-at = {2015-03-30 18:28:47},
    priority = {0},
    publisher = {Kluwer Academic Publishers-Plenum Publishers},
    title = {{Steady-State} Computations Using {Summation-by-Parts} Operators},
    url = {http://dx.doi.org/10.1007/s10915-004-4788-2},
    volume = {24},
    year = {2005}
}

@article{Hicken2008,
    author = {Hicken, Jason E. and Zingg, David W.},
    citeulike-article-id = {10673520},
    citeulike-linkout-0 = {http://dx.doi.org/10.2514/1.34810},
    doi = {10.2514/1.34810},
    journal = {AIAA Journal},
    keywords = {import\_of\_ref-12-05-15},
    month = nov,
    number = {11},
    pages = {2773--2786},
    posted-at = {2012-05-15 20:05:56},
    priority = {0},
    title = {A parallel {N}ewton-{K}rylov solver for the {E}uler equations discretized using simultaneous approximation terms},
    url = {http://dx.doi.org/10.2514/1.34810},
    volume = {46},
    year = {2008}
}

@article{Nordstrom2009,
    author = {Nordstr\"{o}m, Jan and Gong, Jing and van der Weide, Edwin and Sv\"{a}rd, Magnus},
    citeulike-article-id = {10673614},
    citeulike-linkout-0 = {http://dx.doi.org/10.1016/j.jcp.2009.09.005},
    doi = {10.1016/j.jcp.2009.09.005},
    journal = {Journal of Computational Physics},
    keywords = {import\_of\_ref-12-05-15},
    number = {24},
    pages = {9020--9035},
    posted-at = {2012-05-15 20:06:00},
    priority = {0},
    title = {A stable and conservative high order multi-block method for the compressible {N}avier-{S}tokes equations},
    url = {http://dx.doi.org/10.1016/j.jcp.2009.09.005},
    volume = {228},
    year = {2009}
}

@article{Gong2011,
title = {Interface procedures for finite difference approximations of the advection-diffusion equation},
journal = {Journal of Computational and Applied Mathematics},
volume = {236},
number = {5},
pages = {602--620},
year = {2011},
doi = {http://dx.doi.org/10.1016/j.cam.2011.08.009},
author = {Gong, Jing and Nordstr\"{o}m, Jan}
}

@article{Kitson2003,
    author = {Kitson, Adrian and McLachlan, Robert I. and Robidoux, Nicolas},
    citeulike-article-id = {10673643},
    journal = {New Zealand Journal of Mathematics},
    keywords = {import\_of\_ref-12-05-15},
    number = {2},
    pages = {139--159},
    posted-at = {2012-05-15 20:06:03},
    priority = {0},
    title = {{Skew-adjoint finite difference methods on nonuniform grids}},
    volume = {32},
    year = {2003}
}

@inproceedings{Chiu2011,
    address = {Orlando, Florida},
    author = {Chiu, Edmond K. and Wang, Qiqi and Jameson, Antony},
    booktitle = {49th {AIAA} Aerospace Sciences Meeting},
    citeulike-article-id = {10673741},
    keywords = {import\_of\_ref-12-05-15},
    month = jan,
    note = {AIAA--2011--651},
    posted-at = {2012-05-15 20:06:08},
    priority = {0},
    title = {A conservative meshless scheme: general order formulation and application to {E}uler equations},
    year = {2011}
}

@article{Chiu2012,
    author = {Kwan-yu Chiu, Edmond and Wang, Qiqi and Hu, Rui and Jameson, Antony},
    citeulike-article-id = {13566034},
    citeulike-linkout-0 = {http://dx.doi.org/10.1137/110842740},
    doi = {10.1137/110842740},
    issn = {1064-8275},
    journal = {SIAM Journal on Scientific Computing},
    keywords = {sbp},
    month = jan,
    number = {6},
    pages = {A2896--A2916},
    posted-at = {2015-03-30 21:01:43},
    priority = {2},
    title = {A Conservative {Mesh-Free} Scheme and Generalized Framework for Conservation Laws},
    url = {http://dx.doi.org/10.1137/110842740},
    volume = {34},
    year = {2012}
}

@article{Dubiner1991,
    author = {Dubiner, Moshe},
    journal = {Journal of Scientific Computing},
    citeulike-article-id = {13582849},
    citeulike-linkout-0 = {http://dx.doi.org/10.1007/bf01060030},
    citeulike-linkout-1 = {http://link.springer.com/article/10.1007/BF01060030},
    doi = {10.1007/bf01060030},
    keywords = {fem},
    number = {4},
    pages = {345--390},
    posted-at = {2015-04-15 18:24:12},
    priority = {2},
    publisher = {Kluwer Academic Publishers-Plenum Publishers},
    title = {Spectral methods on triangles and other domains},
    url = {http://dx.doi.org/10.1007/bf01060030},
    volume = {6},
    year = {1991}
}

@inproceedings{Koornwinder1975,
    author = {Koornwinder, Tom},
    booktitle = {Theory and application of special functions},
    citeulike-article-id = {13582853},
    keywords = {fem},
    pages = {435--495},
    posted-at = {2015-04-15 18:31:29},
    priority = {2},
    publisher = {Academic Press New York},
    title = {Two-variable analogues of the classical orthogonal polynomials},
    year = {1975}
}

@article{funaro:1988,
    author = {Funaro, D. and Gottlieb, D.},
    citeulike-article-id = {10673549},
    journal = {Mathematics of Computation},
    keywords = {import\_of\_ref-12-05-15},
    month = oct,
    number = {184},
    pages = {599--613},
    posted-at = {2012-05-15 20:05:57},
    priority = {0},
    title = {{A new method of imposing boundary conditions in pseudospectral approximations of hyperbolic equations}},
    volume = {51},
    year = {1988}
}

@article{Liu2006,
    author = {Liu, Yen and Vinokur, Marcel and Wang, Z. J.},
    citeulike-article-id = {7511104},
    citeulike-linkout-0 = {http://dx.doi.org/10.1016/j.jcp.2006.01.024},
    day = {10},
    doi = {10.1016/j.jcp.2006.01.024},
    issn = {00219991},
    journal = {Journal of Computational Physics},
    keywords = {discontinuous, spectral-difference},
    month = aug,
    number = {2},
    pages = {780--801},
    posted-at = {2015-05-11 18:33:03},
    priority = {2},
    title = {Spectral difference method for unstructured grids I: Basic formulation},
    url = {http://dx.doi.org/10.1016/j.jcp.2006.01.024},
    volume = {216},
    year = {2006}
}

@article{Hunter2007,
    abstract = {{Matplotlib is a 2D graphics package used for Python for application development, interactive scripting, and publication-quality image generation across user interfaces and operating systems.}},
    author = {Hunter, J. D.},
    citeulike-article-id = {13386008},
    journal = {Computing In Science \& Engineering},
    number = {3},
    pages = {90--95},
    posted-at = {2014-10-08 16:04:18},
    priority = {2},
    publisher = {IEEE COMPUTER SOC},
    title = {{Matplotlib: A 2D graphics environment}},
    volume = {9},
    year = {2007}
}

@article{Carpenter1994,
        Author = {Mark H. Carpenter and David Gottlieb and Saul Abarbanel},
        Date-Added = {2011-01-16 12:11:21 -0500},
        Date-Modified = {2014-08-30 23:29:48 +0000},
        Journal = {Journal of Computational Physics},
        Number = {2},
        Pages = {220-236},
        Title = {Time-stable boundary conditions for finite-difference schemes solving hyperbolic systems: Methodology and application to high-order compact schemes},
        Volume = {111},
        Year = {1994}
}

@article{Kopriva2010,
        Author = {David A. Kopriva and Gregor J. Gassner},
        Journal = {Journal of Scientific Computing},
        Number = {2},
        Pages = {136-155},
        Title = {On the quadrature and weak form choices in collocation type discontinuous {G}alerkin spectral element methods},
        Volume = {44},
        Year = {2010}}

@article{Kopriva2014,
        Author = {David A. Kopriva and Gregor J. Gassner},
        Journal = {SIAM Journal on Scientific Computing},
        Number = {36},
        Pages = {A2076-A2099},
        Title = {An energy stable discontinuous {G}alerkin spectral element discretization for variable coefficient advection problems},
        Volume = {4},
        Year = {2014}}

@book{Kreiss2004,
        Author = {Heinz-Otto Kreiss and Jens Lorenz},
        Publisher = {SIAM},
        Series = {Classics in Applied Mathematics},
        Title = {Initial-Boundary Value Problems and the {N}avier-{S}tokes Equations},
        Volume = {47},
        Year = {2004}}

@article{Harten1983,
        author = {Harten,A.},
        title = {On the symmetric form of systems of conservation laws with entropy},
        journal = {Journal of Computational Physics},
        volume = 49,
        number = 1,
        pages = {151-164},
        year = 1983
}  

@article{Hughes1986,
    author = {{Hughes},T~.J~.R. and {Franca},L~.P. and {Mallet}, M.},
    title = {A new finite element formulation for computational fluid dynamics: I. symmetric forms of the compressible {N}avier-{S}tokes equations and the second law of thermodymaics},
	journal = {Computer Methods in Applie Mechanics and Engineering},
        Volume = {54},
        Number = {2},
        pages = {223-234},
	Month = {April},
	Year = {1986}
}

@article{Thomas1979geometric,
    author = {Thomas, P. D. and Lombard, C. K.},
    citeulike-article-id = {10673548},
    journal = {AIAA Journal},
    keywords = {import\_of\_ref-12-05-15},
    month = oct,
    number = {10},
    pages = {1030--1037},
    posted-at = {2012-05-15 20:05:57},
    priority = {0},
    title = {{Geometric conservation law and its application to flow computations on moving grids}},
    volume = {17},
    year = {1979}
}

@book{Lanczos1961linear,
    address = {London, England},
    author = {Lanczos, Cornelius},
    citeulike-article-id = {10673381},
    keywords = {import\_of\_ref-12-05-15},
    posted-at = {2012-05-15 20:05:49},
    priority = {0},
    publisher = {D. Van Nostrand Company, Limited},
    title = {{Linear Differential Operators}},
    year = {1961}
}

@article{Arnold2002,
  title={Unified analysis of discontinuous Galerkin methods for elliptic problems},
  author={Arnold, Douglas N and Brezzi, Franco and Cockburn, Bernardo and Marini, L Donatella},
  journal={SIAM journal on numerical analysis},
  volume={39},
  number={5},
  pages={1749--1779},
  year={2002},
  publisher={SIAM}
}

@article{Fernandez2016,
    Author = {David C. {Del Rey Fern\'andez} and Jason E. Hicken and David W. Zingg},
    title = {Simultaneous approximation terms for multi-dimensional summation-by-parts operators},
    journal={Journal of Scientific Computing},
    note={submitted},
    year = {2016}
}

@inproceedings{Hicken2016,
    Author = {Jason E. Hicken and David C. {Del Rey Fern\'andez} and David W. Zingg},
    title = {Simultaneous approximation terms for multi-dimensional summation-by-parts operators},
    booktitle = {46th AIAA Fluid Dynamics Conference},
    address = {Washington, DC},
    month = jun,
    note = {AIAA--2016--3971},
    year = {2016}
}

@article{Hartmann2005,
  title={Symmetric interior penalty DG methods for the compressible Navier-Stokes equations I: Method formulation},
  author={Hartmann, Ralf and Houston, Paul},
  journal={International Journal of Numerical Analysis \& Modeling},
  volume={3},
  number={1},
  pages={1--20},
  year={2005}
}



@article{Bassi2005,
  title = "Discontinuous Galerkin solution of the Reynolds-averaged Navier–Stokes and k–ω turbulence model equations ",
  journal = "Computers \& Fluids",  
  volume = "34",
  number = "4–5",
  pages = "507 - 540",
  year = "2005",
  issn = "0045-7930",
  doi = "http://dx.doi.org/10.1016/j.compfluid.2003.08.004",
  url = "http://www.sciencedirect.com/science/article/pii/S0045793004000374",
  author = "Francesco Bassi and Andrea Crivellini and Stefano Rebay and Marco Savini"
}

@article{Crean2016,
  title={Entropy-conservative, multidimensional summation-by-parts discretization
  of the {E}uler equations},
  author={Crean, Jared and Hicken, Jason E and Del Rey Fern\'andez, David C and Zingg, David W and Carpenter, Mark H},
  journal={(in preparation)},
  year={2016}
}

@article{pierce:2000,
    author = {Pierce, Niles A. and Giles, Michael B.},
    citeulike-article-id = {10673623},
    citeulike-linkout-0 = {http://dx.doi.org/10.1137/S0036144598349423},
    doi = {10.1137/S0036144598349423},
    journal = {{SIAM} Review},
    keywords = {import\_of\_ref-12-05-15},
    number = {2},
    pages = {247--264},
    posted-at = {2012-05-15 20:06:01},
    priority = {0},
    title = {Adjoint recovery of superconvergent functionals from {PDE} approximations},
    url = {http://dx.doi.org/10.1137/S0036144598349423},
    volume = {42},
    year = {2000}
}

@article{giles:2002,
    author = {Giles, Michael B. and S\"{u}li, Endre},
    citeulike-article-id = {10673620},
    citeulike-linkout-0 = {http://dx.doi.org/10.1017/S096249290200003X},
    doi = {10.1017/S096249290200003X},
    journal = {Acta Numerica},
    keywords = {import\_of\_ref-12-05-15},
    pages = {145--236},
    posted-at = {2012-05-15 20:06:01},
    priority = {0},
    title = {Adjoint methods for {PDE}s: a posteriori error analysis and postprocessing by duality},
    url = {http://dx.doi.org/10.1017/S096249290200003X},
    volume = {11},
    year = {2002}
}

@phdthesis{lu:2005,
    address = {Cambridge, Massachusetts},
    author = {Lu, James C.},
    citeulike-article-id = {10673794},
    keywords = {dg, import\_of\_ref-12-05-15, thesis},
    posted-at = {2012-05-15 20:06:10},
    priority = {0},
    school = {Massachusetts Institute of Technology},
    title = {An a posteriori error control framework for adaptive precision optimization using discontinuous {G}alerkin finite element method},
    year = {2005}
}

@article{fidkowski:2011,
    author = {Fidkowski, Krzysztof J. and Darmofal, David L.},
    citeulike-article-id = {10673539},
    citeulike-linkout-0 = {http://dx.doi.org/10.2514/1.J050073},
    doi = {10.2514/1.J050073},
    journal = {AIAA Journal},
    keywords = {import\_of\_ref-12-05-15},
    month = apr,
    number = {4},
    pages = {673--694},
    posted-at = {2012-05-15 20:05:57},
    priority = {0},
    title = {{Review of output-based error estimation and mesh adaptation in computational fluid dynamics}},
    url = {http://dx.doi.org/10.2514/1.J050073},
    volume = {49},
    year = {2011}
}

@article{Babuska1984postpart2,
    author = {Babu\v{s}ka, I. and Miller, A.},
    citeulike-article-id = {14186993},
    citeulike-linkout-0 = {http://dx.doi.org/10.1002/nme.1620200611},
    doi = {10.1002/nme.1620200611},
    issn = {0029-5981},
    journal = {International Journal for Numerical Methods in Engineering},
    keywords = {adjoint, functional},
    month = jun,
    number = {6},
    pages = {1111--1129},
    posted-at = {2016-11-18 20:37:04},
    priority = {2},
    title = {{The post-processing approach in the finite element method—Part 2: The calculation of stress intensity factors}},
    url = {http://dx.doi.org/10.1002/nme.1620200611},
    volume = {20},
    year = {1984}
}

@article{Babuska1984post,
    author = {Babu\v{s}ka, I. and Miller, A.},
    citeulike-article-id = {14186991},
    citeulike-linkout-0 = {http://dx.doi.org/10.1002/nme.1620200610},
    doi = {10.1002/nme.1620200610},
    issn = {0029-5981},
    journal = {International Journal for Numerical Methods in Engineering},
    keywords = {adjoint, functional},
    month = jun,
    number = {6},
    pages = {1085--1109},
    posted-at = {2016-11-18 20:35:58},
    priority = {2},
    title = {{The post-processing approach in the finite element method—part 1: Calculation of displacements, stresses and other higher derivatives of the displacements}},
    url = {http://dx.doi.org/10.1002/nme.1620200610},
    volume = {20},
    year = {1984}
}

@article{hartmann:2007b,
    author = {Hartmann, Ralf},
    citeulike-article-id = {10673642},
    citeulike-linkout-0 = {http://dx.doi.org/10.1137/060665117},
    doi = {10.1137/060665117},
    journal = {{SIAM} Journal on Numerical Analysis},
    keywords = {import\_of\_ref-12-05-15},
    number = {6},
    pages = {2671--2696},
    posted-at = {2012-05-15 20:06:03},
    priority = {0},
    publisher = {SIAM},
    title = {Adjoint Consistency Analysis of Discontinuous {G}alerkin Discretizations},
    url = {http://dx.doi.org/10.1137/060665117},
    volume = {45},
    year = {2007}
}

@article{Shahbazi2009multigrid,
    author = {Shahbazi, Khosro and Mavriplis, Dimitri J. and Burgess, Nicholas K.},
    citeulike-article-id = {5394315},
    citeulike-linkout-0 = {http://dx.doi.org/10.1016/j.jcp.2009.07.013},
    day = {24},
    doi = {10.1016/j.jcp.2009.07.013},
    issn = {00219991},
    journal = {Journal of Computational Physics},
    keywords = {dg, multigrid, sat},
    month = nov,
    number = {21},
    pages = {7917--7940},
    posted-at = {2016-11-18 20:46:34},
    priority = {0},
    title = {{Multigrid algorithms for high-order discontinuous Galerkin discretizations of the compressible Navier–Stokes equations}},
    url = {http://dx.doi.org/10.1016/j.jcp.2009.07.013},
    volume = {228},
    year = {2009}
}

@article{Shahbazi2005explicit,
    author = {Shahbazi, Khosro},
    citeulike-article-id = {14186994},
    citeulike-linkout-0 = {http://dx.doi.org/10.1016/j.jcp.2004.11.017},
    doi = {10.1016/j.jcp.2004.11.017},
    issn = {00219991},
    journal = {Journal of Computational Physics},
    keywords = {dg, sat},
    month = may,
    number = {2},
    pages = {401--407},
    posted-at = {2016-11-18 20:42:04},
    priority = {0},
    title = {{An explicit expression for the penalty parameter of the interior penalty method}},
    url = {http://dx.doi.org/10.1016/j.jcp.2004.11.017},
    volume = {205},
    year = {2005}
}

@incollection{douglas:1976,
    abstract = {{Standard Galerkin methods based on C 0 -piecewise-polynomial spaces often can lead to unsatisfactory approximations of solutions of problems having dominant transport terms. A penalty on the jump in the normal derivative across the interior edges of elements can produce an apparent stiffness intermediate between C 0 and C 1 , and such a method is proposed and analyzed for elliptic and parabolic equations.}},
    address = {Berlin, Heidelberg},
    author = {Douglas, Jim and Dupont, Todd},
    booktitle = {Computing Methods in Applied Sciences},
    chapter = {6},
    citeulike-article-id = {11101799},
    citeulike-linkout-0 = {http://dx.doi.org/10.1007/bfb0120591},
    citeulike-linkout-1 = {http://www.springerlink.com/content/dpw12m08x0260x7k},
    doi = {10.1007/bfb0120591},
    editor = {Glowinski, R. and Lions, J. L.},
    isbn = {978-3-540-08003-9},
    issn = {0075-8450},
    keywords = {adjoint, fem, stability},
    pages = {207--216},
    posted-at = {2012-08-21 15:45:10},
    priority = {2},
    publisher = {Springer Berlin / Heidelberg},
    series = {Lecture Notes in Physics},
    title = {{Interior Penalty Procedures for Elliptic and Parabolic Galerkin Methods Computing Methods in Applied Sciences}},
    url = {http://dx.doi.org/10.1007/bfb0120591},
    volume = {58},
    year = {1976}
}

@article{Warburton20032765,
    title = "On the constants in hp-finite element trace inverse inequalities ",
    journal = "Computer Methods in Applied Mechanics and Engineering ",
    volume = "192",
    number = "25",
    pages = "2765 - 2773",
    year = "2003",
    note = "",
    issn = "0045-7825",
    doi = "http://dx.doi.org/10.1016/S0045-7825(03)00294-9",
    url = "http://www.sciencedirect.com/science/article/pii/S0045782503002949",
    author = "T. Warburton and J.S. Hesthaven",
    keywords = "hp-Finite element",
    keywords = "Trace inverse inequality "
}

@article{Cockburn1998_LDG,
    author = {Bernardo Cockburn and Chi-Wang Shu},
    title = {The Local Discontinuous Galerkin Method for Time-Dependent Convection-Diffusion Systems},
    journal = {SIAM Journal on Numerical Analysis},
    volume = {35},
    number = {6},
    pages = {2440-2463},
    year = {1998},
    doi = {10.1137/S0036142997316712},  
    URL = {http://dx.doi.org/10.1137/S0036142997316712},
    eprint = {http://dx.doi.org/10.1137/S0036142997316712}  
}

@article{Hicken2016siam,
    author = {Jason E. Hicken and David C. Del Rey Fernández and David W. Zingg},
    title = {Multidimensional Summation-by-Parts Operators: General Theory and Application to Simplex Elements},
    journal = {SIAM Journal on Scientific Computing},
    volume = {38},
    number = {4},
    pages = {A1935-A1958},
    year = {2016},
    doi = {10.1137/15M1038360},
    URL = {http://dx.doi.org/10.1137/15M1038360},
    eprint = {http://dx.doi.org/10.1137/15M1038360}  
}